<record><leader>00000cas a2200000 a 4500</leader><controlfield tag="001">13179692</controlfield><controlfield tag="008">860221d18891952couwr ne      0    0eng d</controlfield><datafield ind1=" " ind2=" " tag="010"><subfield code="a">sn 86063147 </subfield></datafield><datafield ind1=" " ind2=" " tag="040"><subfield code="a">KSH</subfield><subfield code="b">eng</subfield><subfield code="c">KSH</subfield><subfield code="d">NPT</subfield><subfield code="d">CNQ</subfield><subfield code="d">OCL</subfield><subfield code="d">OCLCQ</subfield></datafield><datafield ind1=" " ind2=" " tag="042"><subfield code="a">msc</subfield></datafield><datafield ind1="0" ind2="4" tag="245"><subfield code="a">The Lamar register.</subfield></datafield><datafield ind1=" " ind2=" " tag="260"><subfield code="a">Lamar, Colo. :</subfield><subfield code="b">W.R. Davis</subfield></datafield><datafield ind1=" " ind2=" " tag="300"><subfield code="a">v.</subfield></datafield><datafield ind1=" " ind2=" " tag="310"><subfield code="a">Weekly</subfield></datafield><datafield ind1="0" ind2=" " tag="362"><subfield code="a">Vol. 3, no. 42 (Mar. 30, 1889)-v. 66, no. 41 (Mar. 26, 1952).</subfield></datafield><datafield ind1=" " ind2=" " tag="530"><subfield code="a">Available on microfilm from the Colorado Historical Society.</subfield></datafield><datafield ind1=" " ind2=" " tag="588"><subfield code="a">Description based on: Vol. 41, no. 44 (Apr. 13, 1927).</subfield></datafield><datafield ind1=" " ind2=" " tag="752"><subfield code="a">United States</subfield><subfield code="b">Colorado</subfield><subfield code="c">Prowers</subfield><subfield code="d">Lamar.</subfield></datafield><datafield ind1="0" ind2=" " tag="775"><subfield code="t">Lamar daily register</subfield><subfield code="w">(DLC)sn 90051190</subfield></datafield><datafield ind1="0" ind2="0" tag="780"><subfield code="t">Bent County register</subfield><subfield code="w">(DLC)sn 90051188</subfield></datafield><datafield ind1="0" ind2="4" tag="785"><subfield code="t">Holly chieftain (Holly, Colo. : 1897)</subfield><subfield code="w">(DLC)sn 90051185</subfield></datafield><datafield ind1="1" ind2=" " tag="029"><subfield code="a">AU@</subfield><subfield code="b">000022167264</subfield></datafield></record>